@article{hamandi2020survey,
  title={Survey on aerial multirotor design: a taxonomy based on input allocation},
  author={Hamandi, Mahmoud and Usai, Federico and Sabl{\'e}, Quentin and Staub, Nicolas and Tognon, Marco and Franchi, Antonio},
  year={2020}
}

@misc{NicholasVonKlemperer,
  author = {Nicholas Von Klemperer},
  title = {Dual-axis tilting quadrotor design v5},
  howpublished = {\url{https://grabcad.com/library/dual-axis-tilting-quadrotor-design-v5-1}},
  note = {Accessed: 2017-11-26}
}

@article{falconi2012dynamic,
  title={Dynamic model and control of an over-actuated quadrotor UAV},
  author={Falconi, Riccardo and Melchiorri, Claudio},
  journal={IFAC Proceedings Volumes},
  volume={45},
  number={22},
  pages={192--197},
  year={2012},
  publisher={Elsevier}
}

@inproceedings{kumar2017position,
  title={Position and attitude control by rotor tilt and rotor speed synchronization for single axis tilting-rotor quadcopter},
  author={Kumar, Rumit and Nemati, Alireza and Kumar, Manish and Cohen, Kelly and Cazaurang, Franck},
  booktitle={ASME 2017 Dynamic Systems and Control Conference},
  year={2017},
  organization={American Society of Mechanical Engineers Digital Collection}
}

@inproceedings{ferrin2011differential,
  title={Differential flatness based control of a rotorcraft for aggressive maneuvers},
  author={Ferrin, Jeff and Leishman, Robert and Beard, Randy and McLain, Tim},
  booktitle={2011 IEEE/RSJ International Conference on Intelligent Robots and Systems},
  pages={2688--2693},
  year={2011},
  organization={Ieee}
}

@inproceedings{ryll2013first,
  title={First flight tests for a quadrotor UAV with tilting propellers},
  author={Ryll, Markus and B{\"u}lthoff, Heinrich H and Giordano, Paolo Robuffo},
  booktitle={2013 IEEE International Conference on Robotics and Automation},
  pages={295--302},
  year={2013},
  organization={IEEE}
}

@inproceedings{ryll2012modeling,
  title={Modeling and control of a quadrotor UAV with tilting propellers},
  author={Ryll, Markus and B{\"u}lthoff, Heinrich H and Giordano, Paolo Robuffo},
  booktitle={2012 IEEE International Conference on Robotics and Automation},
  pages={4606--4613},
  year={2012},
  organization={IEEE}
}

@article{csenkul2016system,
  title={System design of a novel tilt-roll rotor quadrotor UAV},
  author={{\c{S}}enkul, Abdulkerim Fatih and Altu{\u{g}}, Erdin{\c{c}}},
  journal={Journal of Intelligent \& Robotic Systems},
  volume={84},
  number={1},
  pages={575--599},
  year={2016},
  publisher={Springer}
}